<?xml version="1.0" encoding="UTF-8"?><record xmlns="http://www.loc.gov/MARC21/slim" xmlns:cinclude="http://apache.org/cocoon/include/1.0" xmlns:zs="http://www.loc.gov/zing/srw/">
  <leader>00755cz  a2200205n  4500</leader>
  <controlfield tag="001">nr 97028391 </controlfield>
  <controlfield tag="003">DLC</controlfield>
  <controlfield tag="005">20080911081157.0</controlfield>
  <controlfield tag="008">970812n| acannaabn          |b ana      </controlfield>
  <datafield tag="010" ind1=" " ind2=" ">
    <subfield code="a">nr 97028391 </subfield>
  </datafield>
  <datafield tag="035" ind1=" " ind2=" ">
    <subfield code="a">(OCoLC)oca04406662</subfield>
  </datafield>
  <datafield tag="040" ind1=" " ind2=" ">
    <subfield code="a">DLC-R</subfield>
    <subfield code="b">eng</subfield>
    <subfield code="c">DLC-R</subfield>
    <subfield code="d">OCoLC</subfield>
  </datafield>
  <datafield tag="110" ind1="2" ind2=" ">
    <subfield code="a">Zaisei Seido Shingikai (Japan)</subfield>
  </datafield>
  <datafield tag="410" ind1="1" ind2=" ">
    <subfield code="a">Japan.</subfield>
    <subfield code="b">Zaisei Seido Shingikai</subfield>
  </datafield>
  <datafield tag="410" ind1="1" ind2=" ">
    <subfield code="a">Japan.</subfield>
    <subfield code="b">Ōkurashō.</subfield>
    <subfield code="b">Zaisei Seido Shingikai</subfield>
  </datafield>
  <datafield tag="410" ind1="2" ind2=" ">
    <subfield code="a">財政制度審議会 (Japan)</subfield>
  </datafield>
  <datafield tag="667" ind1=" " ind2=" ">
    <subfield code="a">Machine-derived non-Latin script reference project.</subfield>
  </datafield>
  <datafield tag="667" ind1=" " ind2=" ">
    <subfield code="a">Non-Latin script reference not evaluated.</subfield>
  </datafield>
  <datafield tag="670" ind1=" " ind2=" ">
    <subfield code="a">Zaisei kōzō kaikaku hakusho, 1996:</subfield>
    <subfield code="b">t.p. (Zaisei Seido Shingikai)</subfield>
  </datafield>
  <datafield tag="670" ind1=" " ind2=" ">
    <subfield code="a">Shokuinroku, 1994:</subfield>
    <subfield code="b">v. 1, p. 518 (Ōkurashō/Zaisei Seido Shingikai)</subfield>
  </datafield>
</record>